@article{basu2002gaussian,
  title={Gaussian-based edge-detection methods-a survey},
  author={Basu, Mitra},
  journal={IEEE Transactions on Systems, Man, and Cybernetics, Part C (Applications and Reviews)},
  volume={32},
  number={3},
  pages={252--260},
  year={2002},
  publisher={IEEE}
}
@inproceedings{gao2012new,
  title={A new detection algorithm of moving objects based on human morphology},
  author={Gao, Haihui and Peng, Yong and Dai, Zhonghua and Xie, Feng},
  booktitle={2012 Eighth International Conference on Intelligent Information Hiding and Multimedia Signal Processing},
  pages={411--414},
  year={2012},
  organization={IEEE}
}
@book{kim2014robot,
  title={Robot Intelligence Technology and Applications 2: Results from the 2nd International Conference on Robot Intelligence Technology and Applications},
  author={Kim, Jong-Hwan and Matson, Eric T and Myung, Hyun and Xu, Peter and Karray, Fakhri},
  volume={274},
  year={2014},
  publisher={Springer Science \& Business Media}
}
@misc{tutorial,
title = {Webots documents: Tutorials},
howpublished={\url{https://cyberbotics.com/doc/guide/tutorials} Accessed on: Jun. 20, 2020. [Online]},
}
@misc{tutorial_2,
title = {Webots documents: Tutorials 6: 4-Wheels Robot},
howpublished={\url{https://cyberbotics.com/doc/guide/tutorial-6-4-wheels-robot} Accessed on: Jun. 20, 2020. [Online]},
}
@misc{wiki,
title = {Robot},
howpublished={\url{https://en.wikipedia.org/wiki/Robot} Accessed on: Jun. 20, 2020. [Online]},
}

